03300000         20018484920000135000000000000000000000000000BANCO SANTANDER      NOME DA EMPRESA LTDA               0109202500000000                                                                                                                                                                                                          
03300011R01 000000000000001350NOME DA EMPRESA LTDA               000000000000000000000000000000000000000000000000000000000000000000                                                                                                                                                                                                          
03300013T 010000000000123456789012345678901234567890202509010000000000000000000000000000000000000000000000000000000000000000000000000000000000000000000000000000000000000000000000000000000000000000000000000000000000000000000000000000000000                                                                                                                    
03300013U 010000000000123456789012345678901234567890202509010000000000000000000000000000000000000000000000000000000000000000000000000000000000000000000000000000000000000000000000000000000000000000000000000000000000000000000000000000000000                                                                                                                    
03300013T 020000000000987654321098765432109876543210202509010000000000000000000000000000000000000000000000000000000000000000000000000000000000000000000000000000000000000000000000000000000000000000000000000000000000000000000000000000000000                                                                                                                    
03300013U 020000000000987654321098765432109876543210202509010000000000000000000000000000000000000000000000000000000000000000000000000000000000000000000000000000000000000000000000000000000000000000000000000000000000000000000000000000000000                                                                                                                    
03300015         000002000000                                                                                                                                                                                                                                                                                                                                                        
03399999         000001000003                                                                                                                                                                                                                                                                                                                                                        
